<?xml version="1.0" encoding="UTF-8"?><collection><record><leader>06949ntm a2200565 a 4500</leader><controlfield tag="001">006806644</controlfield><controlfield tag="003">MiAaHDL</controlfield><controlfield tag="005">20190719000000.0</controlfield><controlfield tag="006">m        d        </controlfield><controlfield tag="007">cr bn ---auaua</controlfield><controlfield tag="008">090603s1315    xx            00| ||ara d</controlfield><datafield tag="035" ind1=" " ind2=" "><subfield code="a">(MiU)006806644</subfield></datafield><datafield tag="035" ind1=" " ind2=" "><subfield code="a">sdr-miu006806644</subfield></datafield><datafield tag="040" ind1=" " ind2=" "><subfield code="a">MiU</subfield><subfield code="c">MiU</subfield><subfield code="e">amremm</subfield></datafield><datafield tag="043" ind1=" " ind2=" "><subfield code="a">n-us-mi</subfield></datafield><datafield tag="100" ind1="1" ind2=" "><subfield code="6">880-01</subfield><subfield code="a">Baghawī, al-Ḥusayn ibn Mas‘ūd,</subfield><subfield code="d">d. 1117?</subfield></datafield><datafield tag="245" ind1="1" ind2="0"><subfield code="6">880-03</subfield><subfield code="a">Maṣābīḥ al-sunnah,</subfield><subfield code="f">[715, i.e. 1315].</subfield></datafield><datafield tag="260" ind1=" " ind2=" "><subfield code="c">[1315].</subfield></datafield><datafield tag="300" ind1=" " ind2=" "><subfield code="a">267 leaves :</subfield><subfield code="b">paper ;</subfield><subfield code="c">310 x 230 (215 x 160) mm.</subfield></datafield><datafield tag="500" ind1=" " ind2=" "><subfield code="a">Shelfmark: Ann Arbor, University of Michigan, Special Collections Library, Isl. Ms. 480</subfield></datafield><datafield tag="500" ind1=" " ind2=" "><subfield code="a">Origin: As appears in colophon on p.534, copied by Aḥmad ibn ... Dāwūd ibn Ayyūb ibn Aḥmad al-Jawraq [al-Jawzaq?] with transcription finished ("faragha minhu...") 6 Muḥarram 715 [ca. 12 April 1315].</subfield></datafield><datafield tag="500" ind1=" " ind2=" "><subfield code="a">Accompanying materials: a. Inventory cataloguing slip in hand of Winifred Smeaton Thomas. -- b. Acquisitions slip from Yahuda.</subfield></datafield><datafield tag="500" ind1=" " ind2=" "><subfield code="a">Former shelfmark: From inner front cover and spine label, "IL 338a" (likely supplied by Yahuda, see acquisitions slip).</subfield></datafield><datafield tag="500" ind1=" " ind2=" "><subfield code="a">Binding: Pasteboards covered in light brown and dark brown leathers with upper and lower covers mismatched ; Type II binding (originally with flap, now lost) ; upper board lining in laid European paper ; lower board lining in wove paper ; upper cover bears blind stamped mandorla (with vegetal composition, compare Déroche class. OSd 1) and pendants surrounded by tooled accents ; lower cover bears a tooled rule border ; sewn in heavy brown thread, four stations ; overall in poor condition with lifting and losses of leather (particularly at spine), abrasion and staining, upper cover detaching, etc. ; repairs to board edges in dark blue cloth ; housed in box for protection.</subfield></datafield><datafield tag="500" ind1=" " ind2=" "><subfield code="a">Support: non-European laid paper (likely Arab, even Egyptian) with 6 laid lines per cm. (vertical) and faint chain lines apparently arranged in 4 sets of 2, with 11-15 mm. between the chains and 43-52 mm. between the groups (compare the Cairene paper of 1326 in Table III of Humbert).</subfield></datafield><datafield tag="500" ind1=" " ind2=" "><subfield code="a">Decoration: Some abbreviations (sigla) and vocalization for basmalah and headings rubricated ; keywords set off with red accents ; textual dividers in the form of three inverted commas (in red) and letter hāʼ (outlined in black, filled with red) ; diagram in the margin of p.402 accompanied by a note (not in the copyist's hand) explaining that it replicates a figure inscribed in al-Jamʻ bayna al-Ṣaḥīḥayn of al-Ḥumaydī (d. 488/1095) ; it corresponds to a drawing made by the Prophet described in the ḥadīth alongside the figure.</subfield></datafield><datafield tag="500" ind1=" " ind2=" "><subfield code="a">Script: Naskh ; bold, highly legible Egyptian [or Iraqi?] hand ; mainly serifless, though occasional left-sloping head serifs appear on medial lām, etc. ; alifs vertical and slightly tapered ; swooping descenders and frequent elongation of horizontal strokes ; both open and open and closed counters ; kāf mabsūṭah regularly employed, even for final kāf ; alif maqṣūrah often written with two dots above ; fully vocalized.</subfield></datafield><datafield tag="500" ind1=" " ind2=" "><subfield code="a">Layout: Written in 21 lines per page ; frame-ruled (impression of ruling board evident).</subfield></datafield><datafield tag="500" ind1=" " ind2=" "><subfield code="a">Collation: IV (8), 10 V(108), VI (120), 4 V(160), VI (172), 9 V(262), III - 1 (267) ; chiefly quinions ; quire numbering in the form of whole words appears in the top left corner of the recto of the first leaf for quires 11 through 15 ; catchwords present ; pagination in Western numerals, supplied during digitization.</subfield></datafield><datafield tag="500" ind1=" " ind2=" "><subfield code="a">Colophon: "Scribal," reads: "تم ... ومنه والحمد لله حق حمده فرغ منه بتوفيق الله وحسن تيسيره في يوم الجمعة السادس من شهر محرم سنة خمس وسبعماية ... احمد بن ... داود بن ايوب بن احمد الجورق [؟] ارشده الله واصلح شانه وقضى حوائجه وحوائج المسلمين بمنه وكرمه "</subfield></datafield><datafield tag="500" ind1=" " ind2=" "><subfield code="a">Explicit: "من الحسان قال قال رسول الله صلى الله عليه وسلم مثل امتي مثل المطر لا يدرى اوله خير ام اخرة"</subfield></datafield><datafield tag="500" ind1=" " ind2=" "><subfield code="a">Incipit: "الحمد لله وسلام على عباده الذين اصطفى والصلاة التامة الدائمة على رسوله المجتبى محمد سيد الورى وعلى آله نجوم الهدى قال الشيخ الامام الاجل المحقق محيي السنة ابو محمد الحسين بن مسعود الفراء البغوي رحمة الله عليه اما بعد فهذه الفاظ صدرت عن صدر النبوة وسنن سارت عن معدن الرسالة ..."</subfield></datafield><datafield tag="500" ind1=" " ind2=" "><subfield code="a">Title from inscription on interior of upper cover.</subfield></datafield><datafield tag="500" ind1=" " ind2=" "><subfield code="a">Ms. codex.</subfield></datafield><datafield tag="510" ind1="4" ind2=" "><subfield code="a">Brit. Mus. Suppl.</subfield><subfield code="c">138-9</subfield></datafield><datafield tag="510" ind1="4" ind2=" "><subfield code="a">Ḥājjī Khalīfah. Kashf al-ẓunūn,</subfield><subfield code="c">v 564, no. 12128</subfield></datafield><datafield tag="510" ind1="4" ind2=" "><subfield code="a">Brockelmann, C. GAL</subfield><subfield code="c">I, 363</subfield></datafield><datafield tag="510" ind1="3" ind2=" "><subfield code="a">Humbert, G. "Papiers non-filigranés utilisés au proche-orient jusqu'en 1450: essai en typologie." Journal asiatique, 286, no.1 (1998): 1-54.</subfield></datafield><datafield tag="520" ind1="8" ind2=" "><subfield code="a">Fine copy of al-Baghawī's collection of traditions (aḥādīth) compiled from Bukhārī, Muslim, Tirmidhī, Abū Dāʼūd, etc. and organized by subject matter. Description provided by Noah Gardiner.</subfield></datafield><datafield tag="538" ind1=" " ind2=" "><subfield code="a">Mode of access: Internet.</subfield></datafield><datafield tag="541" ind1=" " ind2=" "><subfield code="a">Acquired in 1926 from the bookseller Isaac Benjamin S.E. Yahuda via purchase transacted on his behalf by Abraham Shalom Yahuda (1877-1951), his younger brother.</subfield></datafield><datafield tag="546" ind1=" " ind2=" "><subfield code="a">Arabic.</subfield></datafield><datafield tag="561" ind1=" " ind2=" "><subfield code="a">On 'title page' (recto of opening leaf, p.1) lengthy statement that appears to be a certificate of transmission authorizing the owner of this copy to transmit the work ("...فقد استخرت الله سبحانه وتعالى واجزت رواية هذا الكتاب عني وهو المصابيح تغمد الله بغفرانه مؤلفه لصاحب النسخة [؟] وهو اسماعيل بن الشيخ ... [؟]") ; small oval seal impression also on 'title page' (p.1), with inscription difficult to make out ; possible booksellers mark on upper board lining ; kabīkaj invocation and magic square (budūḥ) on p.1 ; frequent use of sigla to reference the ḥadīth compilations ; frequent glosses and occasional corrections in a number of hands.</subfield></datafield><datafield tag="650" ind1=" " ind2="0"><subfield code="a">Manuscripts, Arabic</subfield><subfield code="z">Michigan</subfield><subfield code="z">Ann Arbor.</subfield></datafield><datafield tag="650" ind1=" " ind2="0"><subfield code="a">Hadith</subfield><subfield code="v">Texts</subfield><subfield code="v">Early works to 1800.</subfield></datafield><datafield tag="700" ind1="0" ind2=" "><subfield code="6">880-05</subfield><subfield code="a">Aḥmad ibn Dāwūd ibn Ayyūb ibn Aḥmad al-Jawraq,</subfield><subfield code="d">fl. 1315,</subfield><subfield code="e">scribe.</subfield></datafield><datafield tag="773" ind1="0" ind2=" "><subfield code="a">Yahuda Collection.</subfield></datafield><datafield tag="880" ind1="0" ind2=" "><subfield code="6">700-05/</subfield><subfield code="a">احمد بن داوود بن ايوب بن احمد الجورق،</subfield><subfield code="e">ناسخ.</subfield></datafield><datafield tag="880" ind1="1" ind2="0"><subfield code="6">245-03/</subfield><subfield code="a">مصابيح السنة,</subfield><subfield code="f">[715ه، 1315م].</subfield></datafield><datafield tag="880" ind1="1" ind2=" "><subfield code="6">100-01/</subfield><subfield code="a">بغوي، الحسين بن مسعود.</subfield></datafield><datafield tag="CID" ind1=" " ind2=" "><subfield code="a">006806644</subfield></datafield><datafield tag="DAT" ind1="0" ind2=" "><subfield code="a">20190719102637.0</subfield><subfield code="b">20190719000000.0</subfield></datafield><datafield tag="DAT" ind1="1" ind2=" "><subfield code="a">20190719090653.0</subfield><subfield code="b">2019-07-19T16:10:25Z</subfield></datafield><datafield tag="DAT" ind1="2" ind2=" "><subfield code="a">2015-10-02T18:00:03Z</subfield></datafield><datafield tag="CAT" ind1=" " ind2=" "><subfield code="a">SDR-MIU</subfield><subfield code="d">EX LIBRIS - ALEPH</subfield><subfield code="l">prepare.pl-004-008</subfield></datafield><datafield tag="FMT" ind1=" " ind2=" "><subfield code="a">BK</subfield></datafield><datafield tag="HOL" ind1=" " ind2=" "><subfield code="0">sdr-miu006806644</subfield><subfield code="a">MiU</subfield><subfield code="b">SDR</subfield><subfield code="c">MIU</subfield><subfield code="p">mdp.39015079127927</subfield><subfield code="s">MIU</subfield><subfield code="1">006806644</subfield></datafield><datafield tag="974" ind1=" " ind2=" "><subfield code="b">MIU</subfield><subfield code="c">MIU</subfield><subfield code="d">20190719</subfield><subfield code="s">lit-dlps-dc</subfield><subfield code="u">mdp.39015079127927</subfield><subfield code="y">1315</subfield><subfield code="r">pd</subfield><subfield code="q">bib</subfield><subfield code="t">non-US bib date1 &lt; 1879</subfield></datafield></record></collection>